[gd_scene load_steps=10 format=2]

[ext_resource path="res://assets/img/square.png" type="Texture" id=1]
[ext_resource path="res://assets/img/star.png" type="Texture" id=2]
[ext_resource path="res://src/Background.gd" type="Script" id=3]
[ext_resource path="res://assets/img/triangle.png" type="Texture" id=4]

[sub_resource type="Shader" id=1]
code = "shader_type canvas_item;

"

[sub_resource type="ShaderMaterial" id=2]
shader = SubResource( 1 )

[sub_resource type="CanvasItemMaterial" id=3]

[sub_resource type="CanvasItemMaterial" id=4]
blend_mode = 1

[sub_resource type="CanvasItemMaterial" id=5]
blend_mode = 1

[node name="Background" type="Node2D"]
material = SubResource( 2 )
script = ExtResource( 3 )

[node name="Square" type="Sprite" parent="."]
modulate = Color( 0.5, 0.5, 0.5, 1 )
material = SubResource( 3 )
texture = ExtResource( 1 )

[node name="TriangleNode" type="Node2D" parent="."]

[node name="Triangle" type="Sprite" parent="TriangleNode"]
material = SubResource( 4 )
position = Vector2( 0, -277 )
texture = ExtResource( 4 )

[node name="StarNode" type="Node2D" parent="."]

[node name="Star" type="Sprite" parent="StarNode"]
material = SubResource( 5 )
position = Vector2( 0, -70 )
texture = ExtResource( 2 )

[node name="ColorWalk" type="Timer" parent="."]
wait_time = 3.0
autostart = true
[connection signal="timeout" from="ColorWalk" to="." method="_on_ColorWalk_timeout"]
