[gd_scene load_steps=10 format=2]

[ext_resource path="res://src/Bucket.tscn" type="PackedScene" id=1]
[ext_resource path="res://src/HUD.tscn" type="PackedScene" id=2]
[ext_resource path="res://src/Bar.tscn" type="PackedScene" id=3]
[ext_resource path="res://src/TopBoundary.gd" type="Script" id=4]
[ext_resource path="res://src/Game.gd" type="Script" id=5]
[ext_resource path="res://src/Background.tscn" type="PackedScene" id=6]
[ext_resource path="res://src/GhostBar.tscn" type="PackedScene" id=7]

[sub_resource type="RectangleShape2D" id=1]
extents = Vector2( 153.277, 2119.96 )

[sub_resource type="RectangleShape2D" id=2]
extents = Vector2( 847.367, 131.678 )

[node name="Game" type="Node2D"]
script = ExtResource( 5 )

[node name="BucketLeft" parent="." instance=ExtResource( 1 )]
position = Vector2( 180, 1740 )
z_index = 1

[node name="BucketCenter" parent="." instance=ExtResource( 1 )]
position = Vector2( 540, 1740 )
z_index = 1
type = 1

[node name="BucketRight" parent="." instance=ExtResource( 1 )]
position = Vector2( 900, 1740 )
z_index = 1
type = 2

[node name="CanvasLayer" type="CanvasLayer" parent="."]

[node name="LeftWallPos" type="Control" parent="CanvasLayer"]
anchor_bottom = 1.0
__meta__ = {
"_edit_use_anchors_": false
}

[node name="LeftWall" type="StaticBody2D" parent="CanvasLayer/LeftWallPos"]
position = Vector2( -148.366, 967.604 )
collision_mask = 0

[node name="CollisionShape2D" type="CollisionShape2D" parent="CanvasLayer/LeftWallPos/LeftWall"]
shape = SubResource( 1 )
__meta__ = {
"_edit_lock_": true
}

[node name="RightWallPos" type="Control" parent="CanvasLayer"]
anchor_left = 1.0
anchor_right = 1.0
anchor_bottom = 1.0
__meta__ = {
"_edit_use_anchors_": false
}

[node name="RightWall" type="StaticBody2D" parent="CanvasLayer/RightWallPos"]
position = Vector2( 150, 967.604 )
collision_mask = 0

[node name="CollisionShape2D" type="CollisionShape2D" parent="CanvasLayer/RightWallPos/RightWall"]
shape = SubResource( 1 )
__meta__ = {
"_edit_lock_": true
}

[node name="HUD" parent="." instance=ExtResource( 2 )]

[node name="Bar" parent="." instance=ExtResource( 3 )]
position = Vector2( -271.406, -127.824 )

[node name="TimerBall" type="Timer" parent="."]
wait_time = 20.0
autostart = true

[node name="TimerInitObstacle" type="Timer" parent="."]
wait_time = 15.0
one_shot = true
autostart = true

[node name="TimerObstacle" type="Timer" parent="."]
wait_time = 30.0

[node name="Background" parent="." instance=ExtResource( 6 )]
z_index = -1

[node name="GhostBar" parent="." instance=ExtResource( 7 )]

[node name="TopBoundary" type="Area2D" parent="."]
collision_layer = 2
collision_mask = 4
script = ExtResource( 4 )

[node name="CollisionShape2D" type="CollisionShape2D" parent="TopBoundary"]
position = Vector2( 541.332, -1295.57 )
shape = SubResource( 2 )
[connection signal="got_ball" from="BucketLeft" to="." method="_on_Bucket_got_ball"]
[connection signal="got_ball" from="BucketCenter" to="." method="_on_Bucket_got_ball"]
[connection signal="got_ball" from="BucketRight" to="." method="_on_Bucket_got_ball"]
[connection signal="timeout" from="TimerBall" to="." method="_on_Timer_timeout"]
[connection signal="timeout" from="TimerInitObstacle" to="." method="_on_TimerInitObstacle_timeout"]
[connection signal="timeout" from="TimerObstacle" to="." method="_on_TimerObstacle_timeout"]
[connection signal="bar_drawn" from="GhostBar" to="Bar" method="_on_GhostBar_bar_drawn"]
[connection signal="body_entered" from="TopBoundary" to="TopBoundary" method="_on_TopBoundary_body_entered"]
[connection signal="got_ball" from="TopBoundary" to="." method="_on_Bucket_got_ball"]
