[gd_scene load_steps=9 format=2]

[ext_resource path="res://src/Obstacle.gd" type="Script" id=1]
[ext_resource path="res://assets/snd/teleport_in.wav" type="AudioStream" id=2]
[ext_resource path="res://assets/img/obstacle.png" type="Texture" id=3]
[ext_resource path="res://assets/snd/teleport_out.wav" type="AudioStream" id=4]

[sub_resource type="CircleShape2D" id=1]
radius = 100.0

[sub_resource type="Shader" id=2]
code = "shader_type canvas_item;

uniform float whiteness = 0.0;

void fragment(){
	COLOR = texture(TEXTURE, UV);
	if (COLOR.a != 0.0) {
		if (whiteness > 0.0)
			COLOR = COLOR + whiteness * (vec4(1.0) - COLOR);
		else
			COLOR = COLOR + vec4(whiteness * COLOR.rgb, 1.0);
	}
}"

[sub_resource type="ShaderMaterial" id=3]
shader = SubResource( 2 )
shader_param/whiteness = -0.8

[sub_resource type="CircleShape2D" id=4]
radius = 100.0

[node name="Obstacle" type="StaticBody2D"]
collision_mask = 0
script = ExtResource( 1 )

[node name="CollisionShape2D" type="CollisionShape2D" parent="."]
shape = SubResource( 1 )

[node name="Sprite" type="Sprite" parent="."]
material = SubResource( 3 )
scale = Vector2( 6.0435, 6.11075 )
texture = ExtResource( 3 )

[node name="InSound" type="AudioStreamPlayer" parent="."]
stream = ExtResource( 2 )

[node name="OutSound" type="AudioStreamPlayer" parent="."]
stream = ExtResource( 4 )

[node name="Tween" type="Tween" parent="."]

[node name="Area2D" type="Area2D" parent="."]
collision_layer = 32
collision_mask = 12

[node name="CollisionShape2D" type="CollisionShape2D" parent="Area2D"]
shape = SubResource( 4 )
[connection signal="finished" from="InSound" to="." method="_on_InSound_finished"]
[connection signal="finished" from="OutSound" to="." method="_on_OutSound_finished"]
[connection signal="body_entered" from="Area2D" to="." method="_on_Area2D_body_entered"]
